@article{heinrich2016deep,
    title={Deep reinforcement learning from self-play in imperfect-information games},
    author={Heinrich, Johannes and Silver, David},
    journal={arXiv preprint arXiv:1603.01121},
    year={2016}
}
@inproceedings{sutton2000policy,
    title={Policy gradient methods for reinforcement learning with function approximation},
    author={Sutton, Richard S and McAllester, David A and Singh, Satinder P and Mansour, Yishay},
    booktitle={Advances in neural information processing systems},
    pages={1057--1063},
    year={2000}
}
@article{kaelbling1996reinforcement,
    title={Reinforcement learning: A survey},
    author={Kaelbling, Leslie Pack and Littman, Michael L and Moore, Andrew W},
    journal={Journal of artificial intelligence research},
    volume={4},
    pages={237--285},
    year={1996}
}
@inproceedings{shi2000abstraction,
    title={Abstraction methods for game theoretic poker},
    author={Shi, Jiefu and Littman, Michael L},
    booktitle={International Conference on Computers and Games},
    pages={333--345},
    year={2000},
    organization={Springer}
}
@article{dahl2002lagging,
    title={The lagging anchor algorithm: Reinforcement learning in two-player zero-sum games with imperfect information},
    author={Dahl, Fredrik A},
    journal={Machine Learning},
    volume={49},
    number={1},
    pages={5--37},
    year={2002},
    publisher={Springer}
}
@inproceedings{johanson2013evaluating,
    title={Evaluating state-space abstractions in extensive-form games},
    author={Johanson, Michael and Burch, Neil and Valenzano, Richard and Bowling, Michael},
    booktitle={Proceedings of the 2013 international conference on Autonomous agents and multi-agent systems},
    pages={271--278},
    year={2013},
    organization={International Foundation for Autonomous Agents and Multiagent Systems}
}
@incollection{littman1994markov,
    title={Markov games as a framework for multi-agent reinforcement learning},
    author={Littman, Michael L},
    booktitle={Machine Learning Proceedings 1994},
    pages={157--163},
    year={1994},
    publisher={Elsevier}
}
@article{furnkranz2001machine,
    title={Machine learning in games: A survey},
    author={F{\"u}rnkranz, Johannes},
    journal={Machines that learn to play games},
    pages={11--59},
    year={2001},
    publisher={Huntington, NY: Nova Science Publishers}
}
@book{sutton1998reinforcement,
    title={Reinforcement learning: An introduction},
    author={Sutton, Richard S and Barto, Andrew G and Bach, Francis and others},
    year={1998},
    publisher={MIT press}
}